@inproceedings{smith07,
title = {An Overview of the Tesseract OCR Engine},
author  = {Ray Smith},
year  = 2007,
booktitle = {Proceedings of the Ninth International Conference on Document Analysis and Recognition (ICDAR)},
pages = {629--633}
}

@MISC{pirinen11,
    author = {Tommi A Pirinen},
    title = {Modularisation of Finnish Finite-State Language Description—Towards Wide Collaboration in Open Source Development of Morphological},
    year = {2011},
    booktitle = {Proceedings of the Eighteenth Nordic Conference of Computational Linguistics}
}

@incollection{linden13,
year={2013},
isbn={978-3-642-34398-8},
booktitle={Computational Linguistics},
volume={458},
series={Studies in Computational Intelligence},
editor={Przepiórkowski, Adam and Piasecki, Maciej and Jassem, Krzysztof and Fuglewicz, Piotr},
doi={10.1007/978-3-642-34399-5_1},
title={Using HFST for Creating Computational Linguistic Applications},
url={http://dx.doi.org/10.1007/978-3-642-34399-5_1},
publisher={Springer Berlin Heidelberg},
keywords={finite-state applications; morphology; tagging; HFST},
author={Lindén, Krister and Axelson, Erik and Drobac, Senka and Hardwick, Sam and Silfverberg, Miikka and Pirinen, TommiA.},
pages={3-25},
language={English}
}


@inproceedings{silfverberg09,
title = {HFST Runtime Format---A Compacted Transducer Format Allowing for Fast Lookup},
author = {Miikka Silfverberg and Krister Lind\'{e}n},
year = {2009},
booktitle = {FSMNLP 2009},
crossref = {conf/fsmnlp/2009},
url = {http://www.ling.helsinki.fi/~klinden/pubs/fsmnlp2009runtime.pdf}
}

@proceedings{conf/fsmnlp/2009,
editor = {Bruce Watson and Derrick Courie and Loek Cleophas and Pierre Rautenbach},
title={Pre-proceedings of the Eighth International Workshop on Finite-State Methods and Natural Language Processing (FSMNLP 2009), Pretoria, South Africa, July 21st - 24th 2009},
howpublished={Handout CD-ROM containing the accompanying papers for the presentations during the FSMNLP 2009 workshop. Published by the University of Pretoria, Pretoria, South Africa.},
month={13 July},
booktitle = {FSMNLP 2009},
publisher = {},
series = {},
volume = {},
year = {2009},
isbn = {978-1-86854-743-2}
}
