@article{Creutz2007,
    author    = {Mathias Creutz and Teemu Hirsimäki and Mikko Kurimo and Antti Puurula and Janne Pylkkönen and Vesa Siivola and Matti Varjokallio and Andreas Stolcke},
    title     = {Morph-Based Speech Recognition and Modeling of Out-of-Vocabulary Words Across Languages},
    year      = {2007},
    journal   = {ACM Transactions on Speech and Language Processing},
    volume    = {5},
    issue     = {1},
    publisher = {IEEE}
}

@book{Bybee85,
  author={J. L. Bybee},
  title={Morphology: A study of the relation between meaning and form},
  year={1985},
  address={Philadelphia},
  publisher={Benjamins},
  url={http://groups.lis.illinois.edu/amag/langev/paper/bybee85morphologyA.html}
}

@article{Goldberg2011,
author = {Yoav Goldberg and Michael Elhadad},
year = {2011},
title = {Learning sparser perceptron models},
journal = {Technical report}, 
publisher = {Ben Gurion University of the Negev}
}

@book{Sipser1996,
 author = {Sipser, Michael},
 title = {Introduction to the Theory of Computation},
 year = {1996},
 isbn = {053494728X},
 edition = {1st},
 publisher = {International Thomson Publishing}
} 

@inproceedings{Ceausu2006,
title={Maximum Entropy Tiered Tagging},
author={A. Ceausu},
year={2006},
booktitle={The 11th ESSLI Student session},
pages={173--179}
}

@inproceedings{Tufis1999,
 author = {Tufis, Dan},
 title = {Tiered Tagging and Combined Language Models Classifiers},
 booktitle = {Proceedings of the Second International Workshop on Text, Speech and Dialogue},
 year = {1999},
 pages = {28--33}
} 

@inproceedings{Smith2005,
 author = {Smith, Noah A. and Smith, David A. and Tromble, Roy W.},
 title = {Context-based Morphological Disambiguation with Random Fields},
 booktitle = {Proceedings of the Conference on Human Language Technology and Empirical Methods in Natural Language Processing},
 series = {HLT '05},
 year = {2005},
 location = {Vancouver, British Columbia, Canada},
 pages = {475--482},
 numpages = {8},
 url = {http://dx.doi.org/10.3115/1220575.1220635},
 doi = {10.3115/1220575.1220635},
 acmid = {1220635},
 publisher = {Association for Computational Linguistics},
 address = {Stroudsburg, PA, USA},
} 
[download]
 

@MISC{Allauzen2007,
    author = {Cyril Allauzen and Michael Riley and Johan Schalkwyk and Wojciech Skut and Mehryar Mohri},
    title = {OpenFst: A general and efficient weighted finite-state transducer library},
    year = {2007},
    booktitle = {Conference on Implementation and Application of Automata}
}

@INPROCEEDINGS{Pal2006,
author={Pal, Chris and Sutton, C. and McCallum, A.},
booktitle={Acoustics, Speech and Signal Processing, 2006. ICASSP 2006 Proceedings. 2006 IEEE International Conference on},
title={Sparse Forward-Backward Using Minimum Divergence Beams for Fast Training Of Conditional Random Fields},
year={2006},
month={May},
volume={5},
pages={V-V},
keywords={Viterbi decoding;hidden Markov models;natural languages;speech coding;Kronecker delta functions;Viterbi decoding;conditional random fields;hidden Markov models;linear-chain conditional random fields;minimum divergence beams;sparse forward-backward;spoken language processing;text-to-speech problem;Computer science;Hidden Markov models;Iterative decoding;Maximum likelihood decoding;Natural languages;Random variables;Speech synthesis;State-space methods;Transducers;Viterbi algorithm},
doi={10.1109/ICASSP.2006.1661342},
ISSN={1520-6149}}

@article{Marcus1993,
 author = {Marcus, Mitchell P. and Marcinkiewicz, Mary Ann and Santorini, Beatrice},
 title = {Building a Large Annotated Corpus of English: The Penn Treebank},
 journal = {Comput. Linguist.},
 issue_date = {June 1993},
 volume = {19},
 number = {2},
 month = jun,
 year = {1993},
 issn = {0891-2017},
 pages = {313--330},
 numpages = {18},
 url = {http://dl.acm.org/citation.cfm?id=972470.972475},
 acmid = {972475},
 publisher = {MIT Press},
 address = {Cambridge, MA, USA},
}

@misc{Blimes1997,
    author = {Bilmes, J.},
    citeulike-article-id = {361175},
    citeulike-linkout-0 = {http://citeseerx.ist.psu.edu/viewdoc/summary?doi=10.1.1.28.613},
    keywords = {markov, probability},
    posted-at = {2009-01-07 10:19:09},
    priority = {2},
    title = {{A Gentle Tutorial on the EM Algorithm and its Application to Parameter Estimation for Gaussian Mixture and Hidden Markov Models}},
    url = {http://citeseerx.ist.psu.edu/viewdoc/summary?doi=10.1.1.28.613},
    year = {1997}
}

@article{Weiss2000,
 author = {Weiss, Yair},
 title = {Correctness of Local Probability Propagation in Graphical Models with Loops},
 journal = {Neural Comput.},
 issue_date = {January 2000},
 volume = {12},
 number = {1},
 month = jan,
 year = {2000},
 issn = {0899-7667},
 pages = {1--41},
 numpages = {41},
 url = {http://dx.doi.org/10.1162/089976600300015880},
 doi = {10.1162/089976600300015880},
 acmid = {1121939},
 publisher = {MIT Press},
 address = {Cambridge, MA, USA},
} 

@inproceedings{Boyen1998,
 author = {Boyen, Xavier and Koller, Daphne},
 title = {Tractable Inference for Complex Stochastic Processes},
 booktitle = {Proceedings of the Fourteenth Conference on Uncertainty in Artificial Intelligence},
 series = {UAI'98},
 year = {1998},
 isbn = {1-55860-555-X},
 location = {Madison, Wisconsin},
 pages = {33--42},
 numpages = {10},
 url = {http://dl.acm.org/citation.cfm?id=2074094.2074099},
 acmid = {2074099},
 publisher = {Morgan Kaufmann Publishers Inc.},
 address = {San Francisco, CA, USA},
} 

@INPROCEEDINGS{Pearl1982,
    author = {Judea Pearl},
    title = {Reverend Bayes on inference engines: a distributed hierarchical approach},
    booktitle = {in Proceedings of the National Conference on Artificial Intelligence},
    year = {1982},
    pages = {133--136}
}

@TechReport{Bilmes1997,
  author={Jeff Bilmes},
  title={A Gentle Tutorial of the {EM} algorithm and its application to Parameter Estimation for {G}aussian Mixture and Hidden {M}arkov Models},
  institution={ICSI},
  year={1997},
  number={TR-97-021}
}

@InProceedings{Koskenniemi1984,
  author = {Kimmo Koskenniemi},
  title = {A General Computational Model for Word-Form Recognition and Production},
  booktitle = {COLING-84},
  year = 1984,
  organization = {Association for Computational Linguistics},
  address = {Stanford University, California, USA},
  pages = {178--181}
}

@inproceedings{Sutton2007,
 author = {Sutton, Charles and McCallum, Andrew},
 title = {Piecewise Pseudolikelihood for Efficient Training of Conditional Random Fields},
 booktitle = {Proceedings of the 24th International Conference on Machine Learning},
 series = {ICML '07},
 year = {2007},
 isbn = {978-1-59593-793-3},
 location = {Corvalis, Oregon},
 pages = {863--870},
 numpages = {8},
 url = {http://doi.acm.org/10.1145/1273496.1273605},
 doi = {10.1145/1273496.1273605},
 acmid = {1273605},
 publisher = {ACM},
 address = {New York, NY, USA},
} 

@article{Sutton2012,
  author = {Sutton, Charles and McCallum, Andrew},
  journal = {Foundations and Trends in Machine Learning},
  number = {4},
  pages = {267–373},
  title = {An Introduction to Conditional Random Fields},
  volume = {4},
  year = {2012}
}

@Article{Kaplan1994,
  author = {Ronald M. Kaplan and Martin Kay},
  title = {Regular Models of Phonological Rule Systems},
  journal = {Computational Linguistics},
  year = 1994,
  volume = 20,
  number = 3,
  month = {September},
  pages = {331--378}
}

@book{Karlsson1995,
  author = {Fred Karlsson and Atro Voutilainen and Juha Heikkilä and  Arto Anttila},
  title = {Constraint Grammar: A Language-Independent Framework for Parsing Unrestricted Text.},
  publisher = {Mouton de Gruyter}, 
  address = {Berlin / New York}, 
  year = {1995}
}

@INPROCEEDINGS{Rabiner1989,
    author = {Lawrence R. Rabiner},
    title = {A tutorial on hidden Markov models and selected applications in speech recognition},
    booktitle = {Proceedings of the IEEE},
    year = {1989},
    pages = {257--286},
    publisher = {IEEE}
}

@article{Cortes1995,
 author = {Cortes, Corinna and Vapnik, Vladimir},
 title = {Support-Vector Networks},
 journal = {Mach. Learn.},
 issue_date = {Sept. 1995},
 volume = {20},
 number = {3},
 month = sep,
 year = {1995},
 issn = {0885-6125},
 pages = {273--297},
 numpages = {25},
 url = {http://dx.doi.org/10.1023/A:1022627411411},
 doi = {10.1023/A:1022627411411},
 acmid = {218929},
 publisher = {Kluwer Academic Publishers},
 address = {Hingham, MA, USA},
 keywords = {efficient learning algorithms, neural networks, pattern recognition, polynomial classifiers, radial basis function classifiers},
} 

@ARTICLE{Dempster1977,
    author = {A. P. Dempster and N. M. Laird and D. B. Rubin},
    title = {Maximum likelihood from incomplete data via the {EM} algorithm},
    journal = {Jornal of the Royal Statistical Society, Series B},
    year = {1977},
    volume = {39},
    number = {1},
    pages = {1--38}
}

@inproceedings{johnson:2007:EMNLP-CoNLL2007,
    author = {Johnson, Mark},
    booktitle = {Proceedings of the 2007 Joint Conference on Empirical Methods in Natural Language Processing and Computational Natural Language Learning (EMNLP-CoNLL)},
    citeulike-article-id = {1433183},
    citeulike-linkout-0 = {http://www.aclweb.org/anthology/D/D07/D07-1031},
    keywords = {em, emnlp2007, pos, statsnlp},
    pages = {296--305},
    posted-at = {2007-07-04 14:49:55},
    priority = {0},
    title = {{Why Doesn't EM Find Good HMM POS-Taggers?}},
    url = {http://www.aclweb.org/anthology/D/D07/D07-1031},
    year = {2007}
}
@inproceedings{Johnson2007,
    author = {Johnson, Mark},
    booktitle = {Proceedings of the 2007 Joint Conference on Empirical Methods in Natural Language Processing and Computational Natural Language Learning (EMNLP-CoNLL)},
    citeulike-article-id = {1433183},
    citeulike-linkout-0 = {http://www.aclweb.org/anthology/D/D07/D07-1031},
    keywords = {em, emnlp2007, pos, statsnlp},
    pages = {296--305},
    posted-at = {2007-07-04 14:49:55},
    priority = {0},
    title = {{Why Doesn't EM Find Good HMM POS-Taggers?}},
    url = {http://www.aclweb.org/anthology/D/D07/D07-1031},
    year = {2007}
}

@book{Manning1999,
 author = {Manning, Christopher D. and Sch\"{u}tze, Hinrich},
 title = {Foundations of Statistical Natural Language Processing},
 year = {1999},
 isbn = {0-262-13360-1},
 publisher = {MIT Press},
 address = {Cambridge, MA, USA},
} 

@Article{Forney2005,
author    = "G. David Jr Forney",
year = {2005},
title     = "The Viterbi Algorithm: A Personal History",
archivePrefix = "arXiv",
eprint = "0504020v2",
primaryClass={cs}
}
@inproceedings{Halacsy2007,
 author = {Hal\'{a}csy, P{\'e}ter and Kornai, Andr\'{a}s and Oravecz, Csaba},
 title = {HunPos: An Open Source Trigram Tagger},
 booktitle = {Proceedings of the 45th Annual Meeting of the ACL on Interactive Poster and Demonstration Sessions},
 series = {ACL '07},
 year = {2007},
 location = {Prague, Czech Republic},
 pages = {209--212},
 numpages = {4},
 url = {http://dl.acm.org/citation.cfm?id=1557769.1557830},
 acmid = {1557830},
 publisher = {Association for Computational Linguistics},
 address = {Stroudsburg, PA, USA},
} 


@article{Darroch1972,
  author = {Darroch, J. N. and Ratcliff, D.},
  title = {Generalized Iterative Scaling for Log-Linear Models.},
  journal = {The Annals of Mathematical Statistics},
  volume = {43}, 
  issue = {5},
  year = {1972}, 
  pages = {1470--1480}
}

@inproceedings{Schmid1994,
 author = {Schmid, Helmut},
 title = {Part-of-speech Tagging with Neural Networks},
 booktitle = {Proceedings of the 15th Conference on Computational Linguistics - Volume 1},
 series = {COLING '94},
 year = {1994},
 location = {Kyoto, Japan},
 pages = {172--176},
 numpages = {5},
 url = {http://dx.doi.org/10.3115/991886.991915},
 doi = {10.3115/991886.991915},
 acmid = {991915},
 publisher = {Association for Computational Linguistics},
 address = {Stroudsburg, PA, USA},
} 

@inproceedings{Collins2004,
 author = {Collins, Michael and Roark, Brian},
 title = {Incremental Parsing with the Perceptron Algorithm},
 booktitle = {Proceedings of the 42Nd Annual Meeting on Association for Computational Linguistics},
 series = {ACL '04},
 year = {2004},
 location = {Barcelona, Spain},
 articleno = {111},
 url = {http://dx.doi.org/10.3115/1218955.1218970},
 doi = {10.3115/1218955.1218970},
 acmid = {1218970},
 publisher = {Association for Computational Linguistics},
 address = {Stroudsburg, PA, USA},
} 

@inproceedings{Toutanova2000,
 author = {Toutanova, Kristina and Manning, Christopher D.},
 title = {Enriching the Knowledge Sources Used in a Maximum Entropy Part-of-speech Tagger},
 booktitle = {Proceedings of the 2000 Joint SIGDAT Conference on Empirical Methods in Natural Language Processing and Very Large Corpora: Held in Conjunction with the 38th Annual Meeting of the Association for Computational Linguistics - Volume 13},
 series = {EMNLP '00},
 year = {2000},
 location = {Hong Kong},
 pages = {63--70},
 numpages = {8},
 url = {http://dx.doi.org/10.3115/1117794.1117802},
 doi = {10.3115/1117794.1117802},
 acmid = {1117802},
 publisher = {Association for Computational Linguistics},
 address = {Stroudsburg, PA, USA},
} 

@article{Merialdo1994,
 author = {Merialdo, Bernard},
 title = {Tagging English Text with a Probabilistic Model},
 journal = {Comput. Linguist.},
 issue_date = {June 1994},
 volume = {20},
 number = {2},
 month = jun,
 year = {1994},
 issn = {0891-2017},
 pages = {155--171},
 numpages = {17},
 url = {http://dl.acm.org/citation.cfm?id=972525.972526},
 acmid = {972526},
 publisher = {MIT Press},
 address = {Cambridge, MA, USA},
} 

@phdthesis{Ratnaparkhi1998,
 author = {Ratnaparkhi, Adwait},
 title = {Maximum Entropy Models for Natural Language Ambiguity Resolution},
 year = {1998},
 isbn = {0-591-94112-0},
 note = {AAI9840230},
 publisher = {University of Pennsylvania},
 address = {Philadelphia, PA, USA},
} 

@InProceedings{Huang2007,
  author    = {Huang, Zhongqiang  and  Harper, Mary  and  Wang, Wen},
  title     = {{Mandarin} Part-of-Speech Tagging and Discriminative Reranking},
  booktitle = {Proceedings of the 2007 Joint Conference on Empirical Methods in Natural Language Processing and Computational Natural Language Learning (EMNLP-CoNLL)},
  month     = {June},
  year      = {2007},
  address   = {Prague, Czech Republic},
  publisher = {Association for Computational Linguistics},
  pages     = {1093--1102},
  url       = {http://www.aclweb.org/anthology/D/D07/D07-1117}
}

@inproceedings{Huang2009,
 author = {Huang, Zhongqiang and Eidelman, Vladimir and Harper, Mary},
 title = {Improving a Simple Bigram HMM Part-of-speech Tagger by Latent Annotation and Self-training},
 booktitle = {Proceedings of Human Language Technologies: The 2009 Annual Conference of the North American Chapter of the Association for Computational Linguistics, Companion Volume: Short Papers},
 series = {NAACL-Short '09},
 year = {2009},
 location = {Boulder, Colorado},
 pages = {213--216},
 numpages = {4},
 url = {http://dl.acm.org/citation.cfm?id=1620853.1620911},
 acmid = {1620911},
 publisher = {Association for Computational Linguistics},
 address = {Stroudsburg, PA, USA},
}

@article{Linden2009,
author={Krister Lind\'{e}n},
title={Entry Generation by Analogy – Encoding New Words for Morphological Lexicons},
journal={Northern European Journal of Language Technology},
year={2009},
volume={1},
pages={1--25},
publisher={Northern European Association for Language Technology}
}

@article{Weischedel1993,
 author = {Weischedel, Ralph and Schwartz, Richard and Palmucci, Jeff and Meteer, Marie and Ramshaw, Lance},
 title = {Coping with Ambiguity and Unknown Words Through Probabilistic Models},
 journal = {Computational Linguistics},
 issue_date = {June 1993},
 volume = {19},
 number = {2},
 month = jun,
 year = {1993},
 issn = {0891-2017},
 pages = {361--382},
 numpages = {22},
 url = {http://dl.acm.org/citation.cfm?id=972470.972477},
 acmid = {972477},
 publisher = {MIT Press},
 address = {Cambridge, MA, USA},
} 

@inproceedings{Gimenez2004,
  added-at = {2012-06-25T00:00:00.000+0200},
  author = {Giménez, Jesús and Màrquez, Lluís},
  biburl = {http://www.bibsonomy.org/bibtex/2a30343ffb6f3b7a270062a567ce9d733/dblp},
  booktitle = {LREC},
  ee = {http://www.lrec-conf.org/proceedings/lrec2004/pdf/597.pdf},
  interhash = {544e92c7d4e0af1b8d6c5310eae400c1},
  intrahash = {a30343ffb6f3b7a270062a567ce9d733},
  keywords = {dblp},
  publisher = {European Language Resources Association},
  timestamp = {2012-06-25T00:00:00.000+0200},
  title = {SVMTool: A general POS Tagger Generator Based on Support Vector Machines.},
  url = {http://dblp.uni-trier.de/db/conf/lrec/lrec2004.html#GimenezM04},
  year = 2004
}

@InProceedings{Chrupala2008,
  author = {Grzegorz Chrupala, Georgiana Dinu and Josef van Genabith},
  title = {Learning Morphology with Morfette},
  booktitle = {Proceedings of the Sixth International Conference on Language Resources and Evaluation (LREC'08)},
  year = {2008},
  month = {may},
  date = {28-30},
  address = {Marrakech, Morocco},
  editor = {Nicoletta Calzolari and Khalid Choukri and Bente Maegaard and Joseph Mariani and Jan Odijk and Stelios Piperidis and Daniel Tapias},
  publisher = {European Language Resources Association (ELRA)},
  isbn = {2-9517408-4-0},
  note = {http://www.lrec-conf.org/proceedings/lrec2008/},
  language = {english}
  }

@InProceedings{Hulden2013,
title={Finite state applications with Javascript},
author={Mans Hulden and Miikka Silfverberg and Jerid Francom},
booktitle={Proceedings of the 19th Nordic Conference of Computational Linguistics (NODALIDA 2013)},
month={May},
year={2013},
address={Oslo, Norway},
publisher={LiU Electronic Press},
pages={441--446}
}

@book{Hakulinen2004,
  title={Iso suomen kielioppi},
  author={Hakulinen, Auli and Korhonen, Riitta and Vilkuna, Maria and Koivisto, Vesa},
  year={2004},
  publisher={Suomalaisen kirjallisuuden seura},
  url={http://scripta.kotus.fi/visk},
  isbn={ISBN:978-952-5446-35-7}
}

@InProceedings{Hulden2014,
  author    = {Hulden, Mans  and  Forsberg, Markus  and  Ahlberg, Malin},
  title     = {Semi-supervised learning of morphological paradigms and lexicons},
  booktitle = {Proceedings of the 14th Conference of the European Chapter of the Association for Computational Linguistics},
  month     = {April},
  year      = {2014},
  address   = {Gothenburg, Sweden},
  publisher = {Association for Computational Linguistics},
  pages     = {569--578},
  url       = {http://www.aclweb.org/anthology/E14-1060}
}

@inproceedings{Vishwanathan2006,
 author = {Vishwanathan, S. V. N. and Schraudolph, Nicol N. and Schmidt, Mark W. and Murphy, Kevin P.},
 title = {Accelerated Training of Conditional Random Fields with Stochastic Gradient Methods},
 booktitle = {Proceedings of the 23rd International Conference on Machine Learning},
 series = {ICML '06},
 year = {2006},
 isbn = {1-59593-383-2},
 location = {Pittsburgh, Pennsylvania},
 pages = {969--976},
 numpages = {8},
 url = {http://doi.acm.org/10.1145/1143844.1143966},
 doi = {10.1145/1143844.1143966},
 acmid = {1143966},
 publisher = {ACM},
 address = {New York, NY, USA},
} 


@inproceedings{Toutanova2003,
 author = {Toutanova, Kristina and Klein, Dan and Manning, Christopher D. and Singer, Yoram},
 title = {Feature-rich part-of-speech tagging with a cyclic dependency network},
 booktitle = {Proceedings of the 2003 Conference of the North American Chapter of the Association for Computational Linguistics on Human Language Technology - Volume 1},
 series = {NAACL '03},
 year = {2003},
 location = {Edmonton, Canada},
 pages = {173--180},
 numpages = {8},
 url = {http://dx.doi.org/10.3115/1073445.1073478},
 doi = {10.3115/1073445.1073478},
 acmid = {1073478},
 publisher = {Association for Computational Linguistics},
 address = {Stroudsburg, PA, USA},
} 

@book{Carr1993,
author = {Philip Carr},
title={Phonology},
year={1993},
publisher={The Macmillan Press LTD},
address={London}
}

@inproceedings{Creutz2002,
 author = {Creutz, Mathias and Lagus, Krista},
 title = {Unsupervised Discovery of Morphemes},
 booktitle = {Proceedings of the ACL-02 Workshop on Morphological and Phonological Learning - Volume 6},
 series = {MPL '02},
 year = {2002},
 pages = {21--30},
 numpages = {10},
 url = {http://dx.doi.org/10.3115/1118647.1118650},
 doi = {10.3115/1118647.1118650},
 acmid = {1118650},
 publisher = {Association for Computational Linguistics},
 address = {Stroudsburg, PA, USA},
} 
 

@article{Kettunen2005,
author = {Kimmo Kettunen and Tuomas Kunttu and Kalervo Järvelin},
title = {To stem or lemmatize a highly inflectional language in a probabilistic IR environment?},
journal = {Journal of Documentation},
volume = {61},
number = {4},
pages = {476-496},
year = {2005},
doi = {10.1108/00220410510607480},

URL = { 
        http://dx.doi.org/10.1108/00220410510607480
    
},
eprint = { 
        http://dx.doi.org/10.1108/00220410510607480
    
}

}

@incollection{Porter1997,
 author = {Porter, M. F.},
 chapter = {An Algorithm for Suffix Stripping},
 title = {Readings in Information Retrieval},
 editor = {Sparck Jones, Karen and Willett, Peter},
 year = {1997},
 isbn = {1-55860-454-5},
 pages = {313--316},
 numpages = {4},
 url = {http://dl.acm.org/citation.cfm?id=275537.275705},
 acmid = {275705},
 publisher = {Morgan Kaufmann Publishers Inc.},
 address = {San Francisco, CA, USA},
} 

@article{Jaynes1957,
  added-at = {2008-10-07T16:03:39.000+0200},
  author = {Jaynes, E. T.},
  biburl = {http://www.bibsonomy.org/bibtex/2b9de321d8fff2a62a30c31fadbdc668d/brefeld},
  interhash = {cbe997458351b8d62a904b58205078ea},
  intrahash = {b9de321d8fff2a62a30c31fadbdc668d},
  journal = {Physical Review},
  keywords = {imported},
  pages = {620--630},
  timestamp = {2008-10-07T16:03:39.000+0200},
  title = {Information Theory and Statistical Mechanics},
  volume = {106(4)},
  year = 1957
}


@inproceedings{Muller2013,
  title={Efficient Higher-Order {CRFs} for Morphological Tagging},
  author={M{\"u}ller, Thomas and Schmid, Helmut and Sch{\"u}tze, Hinrich},
  booktitle={Proceedings of 2013 Empirical Methods in Natural Language Processing (EMNLP 2013)},
  year={2013},
  address = {Seattle, Washington, USA},
  pages = {322-332}
}

@inproceedings{Muller2015,
  author = {M{\"u}ller, Thomas and Cotterell, Ryan and Fraser, Alexander M. and Schütze, Hinrich},
  booktitle = {EMNLP},
  editor = {Màrquez, Lluís and Callison-Burch, Chris and Su, Jian and Pighin, Daniele and Marton, Yuval},
  isbn = {978-1-941643-32-7},
  keywords = {dblp},
  pages = {2268-2274},
  publisher = {The Association for Computational Linguistics},
  timestamp = {2015-10-15T11:34:28.000+0200},
  title = {Joint Lemmatization and Morphological Tagging with Lemming.},
  url = {http://dblp.uni-trier.de/db/conf/emnlp/emnlp2015.html#0009CFS15},
  year = 2015
}

@article{Shannon1948,
  added-at = {2013-02-27T08:21:47.000+0100},
  author = {Shannon, Claude E.},
  biburl = {http://www.bibsonomy.org/bibtex/2b6bc42c140f0147cd6a1781d75fcb897/jaeschke},
  interhash = {754130207906fcec16a53d330eeff348},
  intrahash = {b6bc42c140f0147cd6a1781d75fcb897},
  journal = {The Bell System Technical Journal},
  keywords = {communication entropy information shannon toread},
  month = {July, October},
  pages = {379--423, 623--656},
  timestamp = {2013-02-27T08:21:47.000+0100},
  title = {A Mathematical Theory of Communication},
  url = {http://cm.bell-labs.com/cm/ms/what/shannonday/shannon1948.pdf},
  volume = 27,
  year = 1948
}

@inproceedings{Huang2012,
 author = {Huang, Liang and Fayong, Suphan and Guo, Yang},
 title = {Structured Perceptron with Inexact Search},
 booktitle = {Proceedings of the 2012 Conference of the North American Chapter of the Association for Computational Linguistics: Human Language Technologies},
 series = {NAACL HLT '12},
 year = {2012},
 isbn = {978-1-937284-20-6},
 location = {Montreal, Canada},
 pages = {142--151},
 numpages = {10},
 url = {http://dl.acm.org/citation.cfm?id=2382029.2382049},
 acmid = {2382049},
 publisher = {Association for Computational Linguistics},
 address = {Stroudsburg, PA, USA}
} 

@inproceedings{Church1988,
 author = {Church, Kenneth Ward},
 title = {A stochastic parts program and noun phrase parser for unrestricted text},
 booktitle = {Proceedings of the second conference on Applied natural language processing},
 series = {ANLC '88},
 year = {1988},
 location = {Austin, Texas},
 pages = {136--143},
 numpages = {8},
 url = {http://dx.doi.org/10.3115/974235.974260},
 doi = {10.3115/974235.974260},
 acmid = {974260},
 publisher = {Association for Computational Linguistics},
 address = {Stroudsburg, PA, USA},
} 

@article{DeRose1988,
 author = {DeRose, Steven J.},
 title = {Grammatical category disambiguation by statistical optimization},
 journal = {Comput. Linguist.},
 issue_date = {Winter 1988},
 volume = {14},
 number = {1},
 month = jan,
 year = {1988},
 issn = {0891-2017},
 pages = {31--39},
 numpages = {9},
 url = {http://dl.acm.org/citation.cfm?id=49084.49087},
 acmid = {49087},
 publisher = {MIT Press},
 address = {Cambridge, MA, USA},
} 

@inproceedings{Brill1992,
 author = {Brill, Eric},
 title = {A simple rule-based part of speech tagger},
 booktitle = {Proceedings of the third conference on Applied natural language processing},
 series = {ANLC '92},
 year = {1992},
 location = {Trento, Italy},
 pages = {152--155},
 numpages = {4},
 url = {http://dx.doi.org/10.3115/974499.974526},
 doi = {10.3115/974499.974526},
 acmid = {974526},
 publisher = {Association for Computational Linguistics},
 address = {Stroudsburg, PA, USA},
} 

@inproceedings{Weiss2010,
  added-at = {2014-01-06T00:00:00.000+0100},
  author = {Weiss, David J. and Taskar, Benjamin},
  biburl = {http://www.bibsonomy.org/bibtex/2f6bbdf20bce0a505522752307929ab94/dblp},
  booktitle = {AISTATS},
  editor = {Teh, Yee Whye and Titterington, D. Mike},
  ee = {http://www.jmlr.org/proceedings/papers/v9/weiss10a.html},
  interhash = {a26d1c5d779a664cfb2f19a0a8f93317},
  intrahash = {f6bbdf20bce0a505522752307929ab94},
  keywords = {dblp},
  pages = {916-923},
  publisher = {JMLR.org},
  series = {JMLR Proceedings},
  timestamp = {2014-01-06T00:00:00.000+0100},
  title = {Structured Prediction Cascades.},
  url = {http://dblp.uni-trier.de/db/journals/jmlr/jmlrp9.html#WeissT10},
  volume = 9,
  year = 2010
}

@inproceedings{Charniak2005,
 author = {Charniak, Eugene and Johnson, Mark},
 title = {Coarse-to-fine N-best Parsing and MaxEnt Discriminative Reranking},
 booktitle = {Proceedings of the 43rd Annual Meeting on Association for Computational Linguistics},
 series = {ACL '05},
 year = {2005},
 location = {Ann Arbor, Michigan},
 pages = {173--180},
 numpages = {8},
 url = {http://dx.doi.org/10.3115/1219840.1219862},
 doi = {10.3115/1219840.1219862},
 acmid = {1219862},
 publisher = {Association for Computational Linguistics},
 address = {Stroudsburg, PA, USA},
} 

@book{Durbin1998,
  title={Biological Sequence Analysis: Probabilistic Models of Proteins and Nucleic Acids},
  author={Durbin, R. and Eddy, S. R. and Krogh, A. and Mitchison, G.},
  isbn={9780521629713},
  lccn={97046769},
  url={http://books.google.fi/books?id=R5P2GlJvigQC},
  year={1998},
  publisher={Cambridge University Press}
}

@inproceedings{Pirinen2011,
 title     = {Modularisation of Finnish Finite-State Language Description---Towards Wide Collaboration in Open Source Development of a Morphological Analyser},
 author    = {Tommi A Pirinen},
 year      = {2011},
 booktitle = {Nodalida 2011},
 pages     = {299---302},
 url       = {http://www.helsinki.fi/\%7Etapirine/publications/Pirinen-nodalida2011.pdf}
}

@inproceedings{Pirinen2012,
title = {Improving Finite-State Spell-Checker Suggestions with Part of Speech N-Grams},
author = {Tommi Pirinen and Miikka Silfverberg and Krister Lind\'{e}n},
year = {2012},
booktitle = {13th InternationalConference on Intelligent Text Processing and Computational Linguistics CICLing 2014},
location={Delhi, India},
}

@inproceedings{Silfverberg2011,
author={Miikka Silfverberg and Krister Lind{\'e}n},
title={Combining Statistical Models for {POS} Tagging using Finite-State Calculus},
booktitle={Proceedings of the 18th Conference of Computational Linguistics NODALIDA 2011},
series={NEALT Proceedings Series},
year={2011},
location={Riga, Latvia},
publisher={Northern European Association for Language Technology}
}

@book{Beesley2003,
  added-at = {2009-03-26T18:54:30.000+0100},
  address = {Stanford, Calif.},
  author = {Beesley, Kenneth R. and Karttunen, Lauri},
  biburl = {http://www.bibsonomy.org/bibtex/2d157c31e4bd5b10d2ed0b1f534615fda/unhammer},
  description = {Helsinki/Stuttgart/Xerox Finite State Tools},
  interhash = {e74d27af6744e7a386abd0538dd05b3a},
  intrahash = {d157c31e4bd5b10d2ed0b1f534615fda},
  isbn = {1-57586-433-9},
  keywords = {FST Master apertium morphology pri toread},
  pages = {XVIII, 509 s.},
  publisher = {CSLI Publications},
  timestamp = {2009-11-16T13:05:22.000+0100},
  title = {Finite state morphology},
  year = 2003
}

@InProceedings{Silfverberg2014,
  author    = {Silfverberg, Miikka  and  Ruokolainen, Teemu  and  Lind\'{e}n, Krister  and  Kurimo, Mikko},
  title     = {Part-of-Speech Tagging using Conditional Random Fields: Exploiting Sub-Label Dependencies for Improved Accuracy},
  booktitle = {Proceedings of the 52nd Annual Meeting of the Association for Computational Linguistics (Volume 2: Short Papers)},
  month     = {June},
  year      = {2014},
  address   = {Baltimore, Maryland},
  publisher = {Association for Computational Linguistics},
  pages     = {259--264},
  url       = {http://www.aclweb.org/anthology/P14-2043}
}

@InProceedings{Zhang2014,
  author    = {Zhang, Kaixu  and  Su, Jinsong  and  Zhou, Changle},
  title     = {Regularized Structured Perceptron: A Case Study on Chinese Word Segmentation, POS Tagging and Parsing},
  booktitle = {Proceedings of the 14th Conference of the European Chapter of the Association for Computational Linguistics},
  month     = {April},
  year      = {2014},
  address   = {Gothenburg, Sweden},
  publisher = {Association for Computational Linguistics},
  pages     = {164--173},
  url       = {http://www.aclweb.org/anthology/E14-1018}
}

@article{Rosenblatt1958,
  added-at = {2015-01-31T19:27:17.000+0100},
  address = {US},
  author = {Rosenblatt, F.},
  biburl = {http://www.bibsonomy.org/bibtex/2fccddb695dd9e65baa69c97838217cc9/jil},
  description = {PsycNET - Display Record},
  doi = {10.1037/h0042519},
  interhash = {dc0cef9dc06033a04f525efdcde7a660},
  intrahash = {fccddb695dd9e65baa69c97838217cc9},
  issn = {19391471},
  journal = {Psychological Review},
  keywords = {58 algorithm original perceptron rosenblatt},
  number = 6,
  pages = {386--408},
  publisher = {American Psychological Association},
  refid = {1959-09865-001},
  timestamp = {2015-02-06T10:19:31.000+0100},
  title = {The perceptron: A probabilistic model for information storage and organization in the brain},
  volume = 65,
  year = 1958
}

@article{Silfverberg2015,
  author    = {Silfverberg, Miikka  and  Ruokolainen, Teemu  and  Lind\'{e}n, Krister  and  Kurimo, Mikko},
  title     = {FinnPos: POS Tagging Toolkit for Morphologically Rich Languages},
 journal = {Language Resources and Evaluation},
  month     = {Month},
  year      = {2015},
  volume={VOL},
  number={NUM},
pages={XX-YY},
  publisher={Springer Netherlands}
}

@article{Besag1975,
  added-at = {2011-08-04T15:58:52.000+0200},
  author = {Besag, Julian},
  biburl = {http://www.bibsonomy.org/bibtex/2174eecac57caa86a1a63feefa9aaa40b/marsianus},
  copyright = {Copyright Â© 1975 Royal Statistical Society},
  interhash = {6cfd53e50f58edc178790a40b2e4dd22},
  intrahash = {174eecac57caa86a1a63feefa9aaa40b},
  issn = {00390526},
  journal = {Journal of the Royal Statistical Society. Series D (The Statistician)},
  jstor_articletype = {research-article},
  jstor_formatteddate = {Sep., 1975},
  keywords = {Likelihood Likelihood:composite spatial},
  language = {English},
  number = 3,
  pages = {pp. 179-195},
  publisher = {Blackwell Publishing for the Royal Statistical Society},
  timestamp = {2011-08-10T11:58:25.000+0200},
  title = {Statistical Analysis of Non-Lattice Data},
  url = {http://www.jstor.org/stable/2987782},
  volume = 24,
  year = 1975
}

@inproceedings{Linden2009hfst,
 title = {HFST Tools for Morphology---An Efficient Open-Source Package for Construction of Morphological Analyzers},
 author = {Krister Lind\'{e}n and Miikka Silfverberg and Tommi Pirinen},
 year = {2009},
 booktitle = {sfcm 2009},
 pages = {28---47},
 uri = {http://www.helsinki.fi/\%7Etapirine/publications/Pirinen-sfcm-2009.pdf}
}

@InProceedings{Ruokolainen2014,
  author    = {Ruokolainen, Teemu  and  Silfverberg, Miikka  and  kurimo, mikko  and  Linden, Krister},
  title     = {Accelerated Estimation of Conditional Random Fields using a Pseudo-Likelihood-inspired Perceptron Variant},
  booktitle = {Proceedings of the 14th Conference of the European Chapter of the Association for Computational Linguistics, volume 2: Short Papers},
  month     = {April},
  year      = {2014},
  address   = {Gothenburg, Sweden},
  publisher = {Association for Computational Linguistics},
  pages     = {74--78},
  url       = {http://www.aclweb.org/anthology/E14-4015}
}

@article{Mohri2002,
title = "Weighted finite-state transducers in speech recognition ",
journal = "Computer Speech \& Language ",
volume = "16",
number = "1",
pages = "69 - 88",
year = "2002",
note = "",
issn = "0885-2308",
doi = "http://dx.doi.org/10.1006/csla.2001.0184",
url = "http://www.sciencedirect.com/science/article/pii/S0885230801901846",
author = "Mehryar Mohri and Fernando Pereira and Michael Riley"
}

@incollection{Silfverberg2010,
year={2010},
isbn={978-3-642-14769-2},
booktitle={Advances in Natural Language Processing},
volume={6233},
series={Lecture Notes in Computer Science},
editor={Loftsson, Hrafn and Rögnvaldsson, Eiríkur and Helgadóttir, Sigrún},
doi={10.1007/978-3-642-14770-8_40},
title={Part-of-Speech Tagging Using Parallel Weighted Finite-State Transducers},
url={http://dx.doi.org/10.1007/978-3-642-14770-8_40},
publisher={Springer Berlin Heidelberg},
author={Silfverberg, Miikka and Lindén, Krister},
pages={369-380},
language={English}
}

@Inproceedings{Ruokolainen2013,
author={Teemu Ruokolainen and Miikka Silfverberg},
title={Modeling OOV Words With Letter N-Grams in Statistical Taggers: Preliminary Work in Biomedical Entity Recognition},
booktitle={Proceedings of the 19th Nordic Conference of Computational Linguistics (NODALIDA 2013)},
month={May},
year={2013},
address={Oslo, Norway},
publisher={LiU Electronic Press},
pages={181--193}
}

@inproceedings{Brants2000,
author = {Brants, Thorsten},
  address = {Seattle, WA},
  booktitle = {Proceedings of the Sixth Applied Natural Language Processing ({ANLP}-2000)},
  interhash = {6dd30baa0609147c6cdf7d2a5817b236},
  intrahash = {713b672cf5d64e89fb1e5b0fe20df316},
  title = {TnT - A Statistical Part-of-Speech Tagger},
  year = 2000,
  timestamp = {2009-11-30T17:48:31.000+0100},
  keywords = {POS Tagging},
  added-at = {2009-11-30T17:48:31.000+0100},
  file = {:POS Tagging\\[Brants, Thorsten] Tnt - A Statistical Part-of-Speech Tagger.pdf:PDF},
  owner = {CHAENIG},
  biburl = {http://www.bibsonomy.org/bibtex/2713b672cf5d64e89fb1e5b0fe20df316/fluctuator}
}

@article{Hinton2002,
 author = {Hinton, Geoffrey},
 title = {Training Products of Experts by Minimizing Contrastive Divergence},
 journal = {Neural Computation},
 volume = 14,
 number = 8,
 year = 2002,
 publisher = {MIT Press},
 address = {Cambridge, MA, USA}
} 

@book{Jelinek1998,
 author = {Jelinek, Frederick},
 title = {Statistical methods for speech recognition},
 year = {1997},
 isbn = {0-262-10066-5},
 publisher = {MIT Press},
 address = {Cambridge, MA, USA},
} 


@inproceedings{Collins2002,
 author = {Collins, Michael},
 title = {Discriminative Training Methods for Hidden Markov Models: Theory and Experiments with Perceptron Algorithms},
 booktitle = {Proceedings of the ACL-02 conference on Empirical methods in natural language processing - Volume 10},
 series = {EMNLP '02},
 year = {2002},
 pages = {1--8},
 numpages = {8},
 url = {http://dx.doi.org/10.3115/1118693.1118694},
 doi = {10.3115/1118693.1118694},
 acmid = {1118694},
 publisher = {Association for Computational Linguistics},
 address = {Stroudsburg, PA, USA},
} 

@techreport{Ratnaparkhi1997,
  added-at = {2008-02-10T02:19:38.000+0100},
  author = {Ratnaparkhi, A.},
  biburl = {http://www.bibsonomy.org/bibtex/261d3b2424b33e970c306318df9f1ccb6/brightbyte},
  citeulike-article-id = {2162753},
  description = {stuff from citeyoulike},
  institution = {Institute for Research in Cognitive Science, University of Pennsylvania},
  interhash = {7e5db81c85cba9fbe5e2087db667613a},
  intrahash = {61d3b2424b33e970c306318df9f1ccb6},
  keywords = {nlp statistics},
  priority = {2},
  timestamp = {2008-02-10T02:19:38.000+0100},
  title = {A simple introduction to maximum entropy models for natural language processing},
  url = {http://citeseer.ist.psu.edu/128751.html},
  year = {1997}
}

@inproceedings{Ratnaparkhi1996,
 author = {Adwait Ratnaparkhi},
 year   = {1996},
 title  = {A Maximum Entropy Model for Part-Of-Speech Tagging},
 booktitle = {Proceedings of the Conference on Empirical Methods in Natural Language Processing},
 series = {EMNLP}, 
 address = {Pennsylvania, USA},
 publisher = {Association for Computational Linguistics}
}

@inproceedings{Malouf2002,
 author = {Malouf, Robert},
 title = {A Comparison of Algorithms for Maximum Entropy Parameter Estimation},
 booktitle = {Proceedings of the 6th Conference on Natural Language Learning - Volume 20},
 series = {COLING-02},
 year = {2002},
 pages = {1--7},
 numpages = {7},
 url = {http://dx.doi.org/10.3115/1118853.1118871},
 doi = {10.3115/1118853.1118871},
 acmid = {1118871},
 publisher = {Association for Computational Linguistics},
 address = {Stroudsburg, PA, USA},
} 

@InProceedings{Zhihui2010,
  author = {Zhihui, Du and Zhaoming, Yin and Wenjie, Liu and David Bader},
  title = {On Accelerating Iterative Algorithms with CUDA: A Case Study on Conditional Random Fields Training Algorithm for Biological Sequence Alignment},
  booktitle = {Proceedings of The International Conference on Bioinformatics and Biomedicine Workshops},
  year = {2010},
  address = {Hong Kong, China},
  publisher = {IEEE},
  pages = {545--548}
}

@InProceedings{zhao2013,
  author    = {Zhao, Kai  and  Huang, Liang},
  title     = {Minibatch and Parallelization for Online Large Margin Structured Learning},
  booktitle = {Proceedings of the 2013 Conference of the North American Chapter of the Association for Computational Linguistics: Human Language Technologies},
  month     = {June},
  year      = {2013},
  address   = {Atlanta, Georgia},
  publisher = {Association for Computational Linguistics},
  pages     = {370--379},
  url       = {http://www.aclweb.org/anthology/N13-1038}
}

@article{Zhang2011,
 author = {Zhang, Yue and Clark, Stephen},
 title = {Syntactic Processing Using the Generalized Perceptron and Beam Search},
 journal = {Comput. Linguist.},
 issue_date = {March 2011},
 volume = {37},
 number = {1},
 month = mar,
 year = {2011},
 issn = {0891-2017},
 pages = {105--151},
 numpages = {47},
 url = {http://dx.doi.org/10.1162/coli_a_00037},
 doi = {10.1162/coli_a_00037},
 acmid = {1970425},
 publisher = {MIT Press},
 address = {Cambridge, MA, USA},
} 


@article{DellaPietra1997,
 author = {Della Pietra, Stephen and Della Pietra, Vincent and Lafferty, John},
 title = {Inducing Features of Random Fields},
 journal = {IEEE Trans. Pattern Anal. Mach. Intell.},
 issue_date = {April 1997},
 volume = {19},
 number = {4},
 month = apr,
 year = {1997},
 issn = {0162-8828},
 pages = {380--393},
 numpages = {14},
 url = {http://dx.doi.org/10.1109/34.588021},
 doi = {10.1109/34.588021},
 acmid = {251709},
 publisher = {IEEE Computer Society},
 address = {Washington, DC, USA},
 keywords = {Random field, Kullback-Leibler divergence, iterative scaling, maximum entropy, EM algorithm, statistical learning, clustering, word morphology, natural language processing.},
} 

@article{Geman1992,
 author = {Geman, Stuart and Bienenstock, Elie and Doursat, Ren{\'e}},
 title = {Neural Networks and the Bias/Variance Dilemma},
 journal = {Neural Comput.},
 issue_date = {Jan. 1992},
 volume = {4},
 number = {1},
 month = jan,
 year = {1992},
 issn = {0899-7667},
 pages = {1--58},
 numpages = {58},
 url = {http://dx.doi.org/10.1162/neco.1992.4.1.1},
 doi = {10.1162/neco.1992.4.1.1},
 acmid = {148062},
 publisher = {MIT Press},
 address = {Cambridge, MA, USA},
} 

@inproceedings{Lafferty2001,
 author = {Lafferty, John D. and McCallum, Andrew and Pereira, Fernando C. N.},
 title = {Conditional Random Fields: Probabilistic Models for Segmenting and Labeling Sequence Data},
 booktitle = {Proceedings of the Eighteenth International Conference on Machine Learning},
 series = {ICML '01},
 year = {2001},
 isbn = {1-55860-778-1},
 pages = {282--289},
 numpages = {8},
 url = {http://dl.acm.org/citation.cfm?id=645530.655813},
 acmid = {655813},
 publisher = {Morgan Kaufmann Publishers Inc.},
 address = {San Francisco, CA, USA}
} 

@article{Freund1999,
 author = {Freund, Yoav and Schapire, Robert E.},
 title = {Large Margin Classification Using the Perceptron Algorithm},
 journal = {Machine Learning},
 issue_date = {Dec. 1999},
 volume = {37},
 number = {3},
 month = dec,
 year = {1999},
 issn = {0885-6125},
 pages = {277--296},
 numpages = {20},
 url = {http://dx.doi.org/10.1023/A:1007662407062},
 doi = {10.1023/A:1007662407062},
 acmid = {337869},
 publisher = {Kluwer Academic Publishers},
 address = {Hingham, MA, USA}
} 


@phdthesis{Daume2006,
Author = {Harold Charles {Daum\'{e} III}},
Title = {Practical Structured Learning Techniques for Natural Language Processing},
School = {University of Southern California},
Year = 2006,
Type = {Doctor of Philosophy in Computer Science},
Address = {University of Southern California}
}

@inproceedings{Cutting1992,
 author = {Cutting, Doug and Kupiec, Julian and Pedersen, Jan and Sibun, Penelope},
 title = {A Practical Part-of-speech Tagger},
 booktitle = {Proceedings of the Third Conference on Applied Natural Language Processing},
 series = {ANLC '92},
 year = {1992},
 location = {Trento, Italy},
 pages = {133--140},
 numpages = {8},
 url = {http://dx.doi.org/10.3115/974499.974523},
 doi = {10.3115/974499.974523},
 acmid = {974523},
 publisher = {Association for Computational Linguistics},
 address = {Stroudsburg, PA, USA},
} 

@book{Koller2009,
author = {Daphne Koller and Nir Friedman},
title  = {Probabilistic Graphical Models: Principles and Techniques},
year   = 2009,
publisher = {The MIT Press},
address = {Cambridge, Massachusetts, USA}
}

@inproceedings{Zhou2002,
 author = {Zhou, GuoDong and Su, Jian},
 title = {Named entity recognition using an HMM-based chunk tagger},
 booktitle = {Proceedings of the 40th Annual Meeting on Association for Computational Linguistics},
 series = {ACL '02},
 year = 2002,
 location = {Philadelphia, Pennsylvania},
 pages = {473--480},
 numpages = 8,
 url = {http://dx.doi.org/10.3115/1073083.1073163},
 doi = {10.3115/1073083.1073163},
 acmid = 1073163,
 publisher = {Association for Computational Linguistics},
 address = {Stroudsburg, PA, USA},
} 

@inproceedings{Klein2002,
 author = {Klein, Dan and Manning, Christopher D.},
 title = {Conditional structure versus conditional estimation in NLP models},
 booktitle = {Proceedings of the ACL-02 conference on Empirical methods in natural language processing - Volume 10},
 series = {EMNLP '02},
 year = {2002},
 pages = {9--16},
 numpages = {8},
 url = {http://dx.doi.org/10.3115/1118693.1118695},
 doi = {10.3115/1118693.1118695},
 acmid = {1118695},
 publisher = {Association for Computational Linguistics},
 address = {Stroudsburg, PA, USA},
} 

